4050 5367
312 271 338 344 Ν.

247 429 453 600 na,
558 527 563 542 ,
696 427 1185 616 'ustura'

307 700 472 784 praecepta
492 686 758 779 generalia'pnffit
781 673 950 758 reroearia·
967 708 1080 754 omnea
1104 687 1192 764 iane,
1212 693 1251 755 ut
1268 685 1444 757 uidebimua
1465 691 1498 756 in
1520 653 1667 779 sequenti

310 809 435 892 eapite,
452 804 583 870 iorruaru
599 795 825 888 exponentium
846 800 1047 874 rationalium
1061 797 1184 882 poliunt
1197 800 1350 878 iuduere,
1376 821 1481 886 eoque
1495 803 1562 888 ipio
1576 806 1667 870 reddi
1766 817 1769 828 ·

312 918 527 1003 integrabilea.
570 911 710 989 Verum,
736 933 809 977 cuna
830 911 909 975 haee
932 911 1110 993 integrandi
1130 910 1311 976 methodus·
1325 913 1358 977 in
1380 905 1667 996 adplioatiuneml·

313 1032 377 1097 culi
401 1026 564 1111 integralis
582 1021 620 1087 sat
641 1021 865 1108 saepenumero
885 1020 1054 1085 admodum
1068 1019 1217 1096 maletida
1243 1041 1378 1108 cumque
1391 1025 1424 1088 hi
1440 1022 1493 1108 ipti
1507 1045 1669 1105 exponen·

314 1152 367 1209 tea
381 1139 582 1206 irrationalea
608 1129 856 1219 trequentiffine
875 1127 1094 1214 ingrediantur
1109 1132 1142 1196 in
1164 1132 1399 1218 dirquiluionea
1420 1137 1610 1222 analyticas,
1632 1143 1669 1202 et

316 1256 444 1319 dernuan
459 1249 614 1315 innumeri
629 1245 681 1310 alii
694 1254 892 1327 exponentes
905 1241 1107 1307 irrationalea
1120 1245 1158 1307 ad
1172 1245 1248 1309 illua
1260 1237 1381 1309 inmo
1393 1245 1502 1310 caleuli
1518 1265 1670 1332 ournpeu·
1740 1289 1744 1298 -

317 1366 371 1430 dio
394 1347 512 1448 poffiut¹
525 1356 685 1423 manuari:
714 1352 981 1444 operaepretium
993 1363 1083 1432 erat,
1106 1354 1268 1438 completa
1285 1355 1413 1420 illorum
1434 1356 1601 1438 integralia
1622 1357 1670 1422 di·

319 1475 489 1560 ligentiua,
517 1490 608 1556 quarn
630 1467 710 1531 solet
733 1460 822 1535 lieri,
855 1462 1028 1542 evolvere,
1067 1464 1224 1548 aliamque
1241 1462 1461 1547 finnpliciorena
1481 1468 1673 1566 methodum

320 1585 500 1668 integrandi
514 1582 564 1653 ei,
590 1597 671 1663 quae
690 1595 751 1662 pro
770 1574 931 1639 trinumiia
955 1573 1231 1639 irrationalibus-a
1252 1573 1436 1642 dottonoua
1451 1577 1566 1642 oalnuli
1586 1578 1674 1660 inte-¹
1753 1627 1761 1640 .

321 1696 419 1784 gralia
436 1691 542 1780 paliirn
564 1689 772 1777 praecipitur,
795 1683 989 1750 substituere.
1047 1683 1209 1762 Artificia,
1231 1688 1344 1772 quibua
1365 1700 1573 1773 exponente·
1596 1687 1672 1752 irra-

320 1805 458 1872 tionalea
477 1801 603 1889 poliunt
617 1800 705 1865 reddi
721 1794 942 1879 integrabilea,
974 1795 1050 1879 quin
1064 1795 1342 1862 tranaiorutatioae
1354 1798 1389 1861 in
1402 1797 1573 1863 rationales
1586 1814 1670 1882 opua
1726 1827 1734 1836 ·

320 1913 374 1992 tit,
397 1914 452 1980 usu
471 1918 506 1979 et
518 1911 633 1999 allidua
645 1908 871 1975 exercitatione
894 1904 1018 1990 optime
1037 1903 1215 1978 discuntura
1244 1903 1407 1992 praecipua
1428 1917 1534 1976 tamen
1547 1911 1586 1976 ad
1597 1909 1672 1976 bina

271 2001 273 2006 Ι
323 2026 483 2112 sequeutia
500 2024 603 2106 capita
615 2017 742 2105 puss'unt
764 2017 918 2081 reuocari.

410 2164 436 2229 1.
456 2162 548 2226 Multi
571 2164 768 2242 exponenter
796 2151 1010 2227 irrationaleu,
1045 2153 1098 2238 qui
1117 2173 1182 2218 non
1201 2154 1348 2221 uidentur
1373 2155 1437 2224 effe
1458 2131 1675 2242 integrabilea,

325 2275 391 2341 sola
404 2271 689 2358 multiplicatione,
711 2262 880 2348 divilione,
900 2278 955 2329 aut
969 2263 1083 2358 radioia
1102 2263 1300 2332 extradiioue
1314 2269 1487 2334 redduntur
1505 2271 1675 2352 integrabi-

327 2387 394 2453 lea:
434 2389 589 2471 q‘uaenaru
619 2381 729 2446 barum
768 2376 1007 2462 operationum·
1026 2375 1146 2441 institui
1189 2375 1322 2457 debeat,
1360 2399 1401 2444 ex
1435 2385 1676 2468 comparatione

327 2496 469 2573 formae,
487 2495 550 2559 iub
570 2512 630 2578 qua
652 2508 818 2575 exponens
841 2487 1048 2572 integrandua
1077 2485 1286 2572 proponitur,
1317 2508 1390 2554 curn
1416 2489 1525 2557 iorruia
1546 2491 1676 2558 illorum

326 2608 571 2693 exponentium,
590 2622 723 2691 quorum
735 2600 908 2682 integratio
927 2608 1005 2663 nota
1027 2595 1091 2672 eli,
1110 2597 1273 2681 oportebit
1290 2598 1516 2698 detenniuare,

419 2745 460 2809 ll.
481 2744 623 2809 Palmare
651 2737 837 2811 artificium,
863 2755 928 2820 quo
942 2738 1036 2802 etiam
1063 2739 1097 2802 in
1125 2737 1387 2805 antecedentibus
1411 2740 1531 2825 saepiua
1547 2740 1611 2824 jain
1632 2735 1677 2804 ufi

329 2856 453 2930 sumna,
475 2849 610 2918 confiuit
623 2854 656 2915 in
670 2844 906 2930 introdudiione
927 2865 1031 2913 nouae
1048 2851 1222 2928 variabilia,
1239 2867 1331 2934 quae,
1353 2869 1412 2934 pro
1427 2848 1603 2917 direrfime
1622 2871 1678 2914 ex·

332 2969 524 3055 ponentium
559 2962 839 3048 integrandurum,
874 2959 939 3043 jam
973 2958 1034 3023 tuti
1065 2957 1220 3025 innotioni
1249 2957 1342 3044 ligno
1365 2961 1491 3029 rediculi
1520 2957 1703 3056 substanti,-

225 3109 227 3114 ·
329 3077 395 3162 jam
416 3093 522 3144 certae
539 3076 610 3158 eJua
622 3073 721 3157 parti,
743 3083 798 3135 aut
819 3070 909 3135 alteri
926 3069 1060 3155 cuipiam
1077 3070 1228 3139 iuniiioni
1248 3069 1330 3134 iulet
1343 3070 1474 3156 aequari.
1518 3074 1681 3147 Ceterum,

332 3191 441 3256 denuo
463 3207 583 3253 moneo
612 3195 769 3269 tyrones,
799 3193 855 3259 ut,
882 3184 956 3247 duur
978 3182 1112 3268 formam
1141 3183 1333 3264 exponentia
1354 3182 1531 3268 integrandi
1551 3194 1677 3250 attente

335 3302 547 3383 expendunt,
568 3295 685 3360 formaa
707 3311 831 3380 quoque
843 3292 1081 3375 exponentium
1094 3289 1369 3380 differentialium,
1390 3298 1430 3358 de
1443 3315 1573 3380 quorum
1597 3297 1680 3359 inte·

335 3407 643 3492 gratiouel'uperiua
667 3402 855 3480 astatium,
889 3416 1118 3488 praeceptaque
1144 3403 1257 3466 cuiculi
1277 3395 1494 3469 differentialis
1520 3418 1678 3488 perpetuo
1758 3475 1761 3479 ,

336 3539 411 3603 prae
432 3519 534 3580 oculis
547 3517 693 3580 habeant.
756 3513 819 3579 Sub
844 3514 893 3576 hia
927 3514 1164 3578 conditionibua
1191 3515 1318 3578 eueniet
1344 3519 1416 3580 lane
1439 3514 1679 3602 saepenumero,

337 3641 378 3696 ut
397 3638 504 3694 certae
516 3623 696 3693 luudbiouea
707 3642 769 3710 pro
791 3622 987 3689 variabilibua
1010 3623 1125 3709 sponte
1143 3623 1176 3688 se
1199 3622 1349 3692 offerant.

868 3796 1082 3872 Scholion
1121 3822 1156 3874 a.

425 3930 545 4010 Quodli
557 3939 663 3998 autem
679 3929 799 3995 nullutn
815 3931 982 3996 artificium
1003 3935 1035 3998 in
1049 3931 1203 4017 potestate
1217 3933 1380 4028 habeatur,
1401 3953 1465 4019 quo
1480 3927 1572 3997 datus
1584 3952 1684 4017 expo·
1700 3985 1706 3994 .
1753 4007 1758 4018 ,

338 4062 421 4111 uena
442 4045 631 4108 irrationalis
650 4046 693 4108 ita
711 4038 804 4125 polilt
824 4041 1062 4118 transformari,
1091 4054 1126 4107 ut
1140 4026 1315 4109 secundun
1331 4045 1545 4131 praecedentia
1567 4048 1683 4128 princi·

338 4156 390 4239 pia
411 4152 484 4227 liat,
510 4167 634 4217 retenta
659 4151 915 4230 irrationalitate,
954 4153 1169 4233 inmutabilia,
1203 4167 1347 4224 tentetur
1365 4158 1601 4220 transtoruaatio
1625 4176 1682 4240 per

339 4262 546 4328 sublationem
571 4264 830 4329 irrationalitatia.
889 4262 980 4330 Multi
1004 4264 1151 4349 profesto
1172 4275 1343 4329 occurrent
1363 4283 1584 4344 exponentes,
1617 4269 1682 4350 qui,

338 4374 416 4439 licet
433 4376 454 4438 ii
480 4375 570 4440 nullo
584 4379 682 4439 rnodo
699 4375 903 4451 integr-bila
918 4373 981 4439 effe
1001 4377 1183 4450 videantur,
1216 4372 1309 4454 fiper
1323 4372 1568 4441 substitutionem
1586 4398 1685 4442 novae

339 4485 472 4571 alicujus
500 4485 657 4554 variabilia
684 4482 724 4548 ab
744 4484 832 4593 omni
858 4485 1102 4552 irrationalitate
1123 4485 1319 4570 liberentur,
1360 4487 1440 4553 liant
1461 4508 1503 4553 eo
1522 4487 1591 4572 ipio
1618 4508 1685 4567 per-

1599 4596 1685 4663 lette
