4050 5367
351 359 394 479 ’.
453 375 499 486 ι’,
718 371 721 375 ’
830 370 1386 526 sun-Attmro„

392 682 395 688 7
458 710 462 720 Ι
509 716 511 719 .
559 550 764 678 Indubium
789 596 860 696 est,
899 578 1046 707 partem
1068 611 1203 711 puram
1225 607 1462 685 scientiarum
1484 603 1615 706 statico
1630 585 1821 694 -mecbae

347 743 366 778 ⁵
456 756 628 830 nicarum
660 754 710 830 ad
740 776 887 832 tantum
912 760 1156 861 perfectionis
1184 760 1375 863 gradum
1363 789 1446 861 lam
1452 762 1542 839 esse
1573 765 1809 866 perductam,
1854 821 1857 826 >

352 963 379 986 .,
455 929 502 986 ut
529 908 609 987 sere
638 906 732 986 nihil
759 911 827 1006 sit,
859 893 968 1017 quod
993 922 1184 1040 expectari
1205 915 1338 1024 possit
1337 936 1403 991 aut
1425 875 1581 994 debeat
1622 918 1685 993 seu
1710 916 1813 994 enim

315 1048 338 1125 '-
461 1067 692 1171 aequilibrii,
724 1033 788 1142 seu
811 1087 944 1145 motus
959 1076 1144 1173 principia
1166 1059 1401 1163 confideres,
1432 1043 1504 1147 ad
1505 1047 1646 1148 tantam
1668 1074 1750 1149 sunt
1767 1102 1814 1151 ea

354 1275 358 1282 -
401 1222 403 1227 ’
461 1220 775 1298 universalitatem
796 1245 990 1325 promota,
1018 1246 1062 1300 ut
1080 1224 1176 1299 nibil
1201 1227 1360 1327 amplius
1384 1224 1670 1302 desiderandum
1689 1229 1813 1304 videa·

463 1375 537 1449 tim
592 1378 743 1454 Interea
769 1376 1009 1472 certumst,
1043 1380 1225 1481 pleraque
1254 1361 1439 1482 principia
1467 1408 1490 1456 a
1522 1381 1649 1456 multis
1679 1383 1815 1458 harum

464 1527 702 1607 scientiarum
734 1531 954 1610 doctoribus
979 1554 1046 1608 aut
1077 1561 1124 1608 ex
1150 1536 1281 1610 alienis
1307 1554 1346 1610 et
1366 1540 1490 1608 minus
1518 1540 1690 1635 genuinis
1712 1542 1816 1637 prin-

294 1733 298 1744 ·
386 1761 395 1782 ,
466 1689 574 1787 cipiis
597 1682 671 1760 esse
694 1686 873 1781 derivata,
897 1709 964 1763 aut
987 1689 1171 1765 methodo
1195 1694 1477 1766 inconvenienti
1506 1686 1688 1790 exposita:
1713 1689 1816 1789 apud

405 2241 418 2290 l

466 1863 601 1917 omnes
624 1867 713 1916 vero
744 1846 911 1920 invenies
934 1842 1148 1921 universam·
1161 1863 1287 1918 motus
1311 1844 1496 1950 theoriam
1516 1843 1817 1938 indeterminatio

263 1991 266 1996 ’
342 2055 344 2060 .
466 2014 507 2071 et
539 1994 796 2071 vacillantibus
827 1998 975 2074 infinite
999 2025 1198 2100 parvouun
1222 1999 1442 2073 notionibus
1467 1989 1736 2099 principiisque
1762 1993 1819 2068 su·

328 2149 332 2161 ⁴
362 2179 364 2183 ·
464 2149 731 2256 perstructam,
767 2151 1042 2255 consequenter
1063 2153 1250 2228 evidentia
1272 2152 1335 2228 illa
1358 2172 1441 2227 et
1418 2147 1645 2227 certitudine
1666 2146 1817 2224 destitu-

379 2393 388 2411 ,
468 2323 566 2397 tum,
615 2331 690 2406 qua
735 2302 1006 2407 disquisitiones
1053 2291 1343 2382 mathematicae
1384 2293 1434 2381 se
1461 2325 1662 2407 tantopere
1697 2299 1818 2447 solent

223 2523 230 2533 ,
331 2507 337 2516 ·
433 2493 438 2502 ·
466 2458 748 2537 commendare

573 2610 717 2711 Quodsi
742 2633 871 2689 autem
894 2635 1042 2717 partem
1064 2610 1552 2717 adplicatampsc'ientiarum
1576 2607 1831 2686 statmo-met

339 2739 343 2746 .
385 2857 389 2863 ,
471 2768 714 2846 chanicamm
743 2757 890 2843 seorsim
923 2775 1104 2843 attentius
1142 2767 1420 2896 expendamus,
1462 2769 1504 2838 in
1533 2791 1611 2867 qua
1629 2762 1818 2866 generalia

409 2895 438 3017 ¹.
468 2927 671 3028 principia
679 2917 891 3024 aequilibrii
915 2942 956 2999 et
976 2944 1103 2999 motus
1126 2928 1166 2996 in
1186 2942 1294 3024 purte
1307 2946 1404 3024 pura
1427 2918 1584 2996 stabilita
1599 2920 1649 2994 ad
1668 2911 1762 2992 vires
1777 2919 1824 3037 in

468 3099 604 3155 nutura
626 3103 668 3200 re
690 3075 767 3179 ipsa
788 3077 986 3155 existentes
1009 3081 1260 3183 applicantur3
1298 3074 1593 3179 imperfectio
1560 3101 1644 3183 ejus
1665 3093 1821 3148 ornnem

297 3303 302 3320 .
466 3238 778 3344 ¹expectationem
802 3195 1005 3335 superabit,
1032 3231 1099 3309 nis
1120 3258 1193 3310 uos
1215 3232 1266 3306 ad
1282 3228 1531 3308 difficultates
1539 3221 1821 3323 fereinluperu

235 3466 244 3478 ,
381 3359 403 3492 ’Δ
472 3386 566 3464 biles
596 3392 781 3463 continuo
810 3388 1065 3489 reflectamus,
1109 3391 1276 3489 quaein
1303 3381 1514 3460 excolenda
1542 3381 1615 3456 bac
1643 3395 1752 3481 parte
1783 3372 1823 3451 se

429 3541 433 3546 ’
472 3561 659 3645 perpetuo
686 3540 862 3617 offerunt.
914 3546 993 3619 Tot
1007 3540 1092 3617 sane
1110 3548 1302 3643 tantisque
1318 3537 1483 3614 tenebris
1502 3541 1638 3611 veritas
1653 3533 1822 3610 involuta

475 3695 538 3773 hic
562 3695 763 3789 delitescit,
803 3716 880 3772 tam
905 3698 1051 3791 abditu,
1088 3719 1127 3775 et
1148 3699 1195 3772 ab
1223 3693 1343 3773 oculis
1368 3690 1508 3768 nostris.
1527 3711 1606 3765 tam
1630 3689 1745 3788 longe
1764 3711 1822 3762 re-

269 3857 292 3912 f
390 3839 415 3895 .‘
446 3940 448 3945 Ι
476 3870 600 3941 mota,
626 3871 688 3944 ut,
716 3850 823 3929 fivel
838 3856 1103 3957 adproximare
1128 3856 1178 3932 ud
1200 3853 1305 3928 illurn
1325 3854 1476 3949 cupias,
1513 3843 1635 3918 multo
1650 3843 1823 3944 pluribus
1874 3935 1877 3941 r

435 4075 437 4080 .
478 4003 805 4109 nobilioribusque
835 4010 1153 4084 obseruationibus
1178 4028 1216 4083 et
1240 4005 1481 4105 experientiis
1504 4020 1545 4076 te
1567 4021 1663 4101 opus
1684 3996 1827 4071 babere

479 4144 657 4233 facillime
679 4158 831 4254 sentias,
865 4192 978 4266 quam
1003 4164 1051 4237 ad
1074 4164 1176 4238 hunc
1199 4161 1315 4263 usqne
1341 4158 1441 4269 diem
1464 4156 1590 4231 facere
1611 4165 1869 4252 Csspffl‘flllue'>

445 4333 447 4338 ·
477 4312 598 4390 licuit.
676 4318 803 4420 Atque
824 4319 917 4396 hinc
939 4319 1081 4395 sactum
1106 4317 1174 4411 est,
1201 4316 1306 4421 quod
1325 4314 1531 4417 pleraeque
1555 4306 1825 4410 adplicationes

1526 4481 1537 4500 ·
1639 4460 1826 4563 hypothe-
