4050 5367
525 1849 533 1860 ,
605 1746 1373 1929 ΙΡΒΑΕΡΑΤΜ

313 2118 569 2278 Amplitudo
603 2172 839 2284 scientianpn
885 2172 1015 2252 ssatico
1031 2218 1047 2234 ·
1061 2173 1367 2253 mechanicamrn
1401 2170 1454 2251 est
1488 2198 1610 2249 unum
1645 2200 1669 2276 e

316 2336 530 2434 praecipuis
562 2330 861 2431 impedimentis,
900 2355 999 2430 quae
1021 2334 1062 2404 in
1082 2330 1230 2404 illorum
1252 2328 1375 2403 studio
1396 2328 1575 2429 progredi
1604 2354 1670 2403 cu·

205 2512 213 2570 ,·
319 2484 510 2585 pientibus
534 2490 604 2557 iter
626 2488 700 2579 jam
725 2482 919 2558 retardant
938 2506 983 2556 ac
1001 2502 1254 2573 remorantur,
1280 2486 1356 2580 jam
1378 2487 1529 2583 penitus
1551 2486 1669 2559 inter·

318 2635 490 2747 eludant.
569 2640 652 2710 Tot·
666 2642 771 2713 enim
793 2632 1062 2741 inventiasnnt
1078 2606 1153 2712 'hae
1174 2635 1350 2712 scientiae
1381 2627 1566 2713 haetenus
1589 2661 1667 2709 am·

271 2851 275 2858 .
313 2787 521 2890 philonae,
569 2809 706 2893 totque
758 2783 866 2866 norir
900 2787 1149 2891 progreffibua
1192 2812 1232 2868 et
1274 2789 1545 2878 aeceffionibas
1575 2791 1665 2868 illae

313 2936 437 3018 iadiei
452 2944 699 3045 adaugentur
725 2965 1074 3047 etpromoventur,
1098 2925 1168 3038 at,
1193 2950 1260 3047 qui
1273 2945 1332 3021 vel
1353 2950 1495 3047 primos
1512 2945 1664 3021 ordines

314 3095 356 3166 in
386 3096 432 3167 iic
467 3096 608 3174 ducere
654 3099 721 3175 fibi
749 3098 1004 3203 proposuerit,
1065 3104 1106 3174 in
1129 3096 1299 3175 latiffime
1328 3117 1525 3201 patentem
1559 3123 1663 3173 carn·
1787 3195 1793 3202 .

189 3325 206 3338 ,
309 3246 571 3350 puni-debeat
595 3245 816 3347 excurrere5
856 3274 913 3329 tot
934 3279 1051 3355 opera
1073 3253 1212 3330 diversa
1243 3273 1283 3330 et
1307 3255 1423 3330 diaria
1456 3250 1661 3345 consulere

308 3409 353 3477 rit
375 3427 581 3510 rarojunua
611 3402 656 3479 fit
680 3403 848 3500 futurus,
888 3414 954 3510 qui
971 3407 1037 3481 illa
1061 3412 1287 3510 conquirere
1309 3406 1421 3509 possit
1452 3428 1496 3484 er
1513 3408 1660 3508 pervol-

204 3619 210 3642 ,
305 3573 405 3630 vere.
467 3562 525 3632 'In
558 3560 630 3637 hac
662 3589 779 3663 porro
809 3569 1051 3639 inventorum
1082 3562 1258 3646 abertate
1296 3565 1416 3639 multa
1453 3581 1660 3664 occurrunt

304 3706 488 3809 peculiari
512 3710 634 3788 studio
658 3716 914 3817 exquirenda3
945 3716 1065 3790 multa
1082 3718 1132 3792 ad
1154 3723 1307 3794 criticae
1322 3742 1659 3818 normamexpen·

304 3856 449 3954 denda,
468 3927 472 3970 ;
492 3883 544 3939 et·
562 3887 669 3943 recto
692 3888 887 3972 ceptoque
913 3874 1094 3947 examine
1117 3871 1377 3964 diiudicanda,
1427 3897 1505 3973 quo
1533 3874 1657 3946 minus

242 3999 245 4004 ¹
300 4013 408 4124 arilia
423 4017 479 4094 ,ab
507 4021 683 4120 utilibus',
717 4023 859 4105 falsa-a
877 4030 991 4120 veris,
1031 4045 1070 4105 et
1091 4030 1238 4107 incerta
1258 4052 1281 4103 a
1305 4032 1414 4107 certis
1440 4026 1562 4131 probe
1586 4022 1656 4101 dis·

301 4187 520 4250 ceramum·
1711 4143 1717 4152 ’
